@BOOK{platzer2010b,
	AUTHOR       = "Platzer, Andr{\'e}",
	TITLE        = "{L}ogical {A}nalysis of {H}ybrid {S}ystems",
	SUBTITLE	= "{P}roving {T}heorems for {C}omplex {D}ynamics",
	PUBLISHER    = "Springer",
	YEAR         = "2010",
	ADDRESS      = "Pittsburgh",
}

@ONLINE{keymaera,
	AUTHOR = "Platzer, Andr{\'e}",
	TITLE = "{K}e{Y}maera: {A} {H}ybrid {T}heorem {P}rover for {H}ybrid {S}ystems",
	YEAR = "2015",
	URL = "http://symbolaris.com/info/KeYmaera.html",

}

@ONLINE{keymaeraGuide,
	AUTHOR = "Platzer, Andr{\'e}",
	TITLE = "{G}uide for {K}eYmaera {H}ybrid {S}ystems {V}erification {T}ool",
	YEAR = "2015",
	URL = "http://symbolaris.com/info/KeYmaera-guide.html",
}

@incollection{Heinzinger2000b,
	year=		{2000},
	isbn=		{978-3-642-64052-0},
	booktitle=	{Verification of Digital and Hybrid Systems},
	volume=	{170},
	series=	{NATO ASI Series},
	editor=	{Inan, M.Kemal and Kurshan, RobertP.},
	doi=		{10.1007/978-3-642-59615-5_13},
	title=		{The Theory of Hybrid Automata},
	url=		{http://dx.doi.org/10.1007/978-3-642-59615-5_13},
	publisher=	{Springer Berlin Heidelberg},
	author=	{Henzinger, ThomasA.},
	pages=	{265-292},
	language=	{English},
}

@ONLINE{mathematica, 
author = {{Wolfram Research, Inc.}}, 
title = {Mathematica},
url = {https://www.wolfram.com}, 
version = {10.1},
address={Champaign, Illinois},
date = {2015}, 
 }
 
 @Book{Keybook2007,
   	editor =        {Bernhard Beckert and Reiner H\"ahnle and Peter H. Schmitt},
   	title =         {Verification of Object-Oriented Software: The {KeY} Approach},
   	series        = {LNCS 4334},
   	publisher     = {Springer-Verlag},
   	year          = {2007}	
}

@STRING{spv = "Springer"}
@STRING{lncs = "LNCS"}
@STRING{lnai = "LNAI"}

@InProceedings{fmcoKeYTutorial06,
  author =       {Wolfgang Ahrendt and Bernhard Beckert and Reiner H\"ahnle and 
                  Philipp R\"ummer and Peter H. Schmitt},
  title =        {Verifying Object-Oriented Programs with {KeY}: A Tutorial},
  booktitle =    {5th International Symposium on
            Formal Methods for Components and Objects, Amsterdam, The Netherlands},
  year =         2007,
  volume = 4709,
  pages = {70--101},
  series =       lncs,
  publisher =    spv
}